
@article{rusch_partizipative_2023,
	title = {Partizipative {Prozessaufnahme} als {Grundlage} eines {KI}-basierten {Assistenzsystems} für den {Wissenstransfer} im {Produktionsbetrieb}},
	language = {de},
	author = {Rusch, Tobias and Ottersböck, Nicole and Ternes, Jannik},
	year = {2023},
}

@incollection{wecke_grundlagen_2024,
	address = {Wiesbaden},
	title = {Grundlagen der {Generativen} {KI}},
	isbn = {978-3-658-44041-1},
	url = {https://doi.org/10.1007/978-3-658-44041-1_2},
	abstract = {Generative KI geht über die Nachahmung menschlichen Verhaltens hinaus und ist in der Lage, selbstständig neue Inhalte wie Texte, Bilder und Musik zu generieren. Von besonderer Bedeutung sind dabei Deep-Learning-Modelle und Large Language Models (LLMs), die in verschiedenen Bereichen, insbesondere im Marketing, Anwendung finden. Der Einsatz von Generativer KI hat jedoch auch (vor allem rechtliche) Grenzen und bringt zudem ethische Herausforderungen mit sich.},
	language = {de},
	urldate = {2024-08-06},
	booktitle = {Wachstum durch den {Einsatz} von {Generativer} {KI} : {Funktionsweise} und {Anwendungsgebiete} im {Marketing}},
	publisher = {Springer Fachmedien},
	author = {Wecke, Bernhard},
	editor = {Wecke, Bernhard},
	year = {2024},
	doi = {10.1007/978-3-658-44041-1_2},
	pages = {5--12},
}

@article{reinking_einsatzmoglichkeiten_nodate,
	title = {Einsatzmöglichkeiten von {KI} in {Unternehmen} - {Zeitnah} erreichbare {Personalisierung} von {Large} {Language} {Models} (wie {ChatGPT}) in {Zeiten} der {Industrie} 5.0},
	abstract = {The introduction of ChatGPT as one of the best-known Large Language Models not only opened a new chapter in artificial intelligence in the general perception – some authors even speak of an era of (business) informatics. It also heralds the fifth industrial revolution (Industry 5.0).},
	language = {de},
	author = {Reinking, Ernst and Becker, Marco},
}

@article{noauthor_kunstliche_2019,
	title = {Künstliche {Intelligenz}},
	issn = {0941-6838},
	url = {https://doi.org/10.2373/1864-810X.19-04-01},
	doi = {10.2373/1864-810X.19-04-01},
	language = {de},
	number = {4},
	urldate = {2024-08-06},
	journal = {IW Trends},
	year = {2019},
}

@article{bubeck_sparks_2023,
	title = {Sparks of {Artificial} {General} {Intelligence}: {Early} experiments with {GPT}-4},
	copyright = {Creative Commons Attribution 4.0 International},
	shorttitle = {Sparks of {Artificial} {General} {Intelligence}},
	url = {https://arxiv.org/abs/2303.12712},
	doi = {10.48550/ARXIV.2303.12712},
	abstract = {Artificial intelligence (AI) researchers have been developing and refining large language models (LLMs) that exhibit remarkable capabilities across a variety of domains and tasks, challenging our understanding of learning and cognition. The latest model developed by OpenAI, GPT-4, was trained using an unprecedented scale of compute and data. In this paper, we report on our investigation of an early version of GPT-4, when it was still in active development by OpenAI. We contend that (this early version of) GPT-4 is part of a new cohort of LLMs (along with ChatGPT and Google's PaLM for example) that exhibit more general intelligence than previous AI models. We discuss the rising capabilities and implications of these models. We demonstrate that, beyond its mastery of language, GPT-4 can solve novel and difficult tasks that span mathematics, coding, vision, medicine, law, psychology and more, without needing any special prompting. Moreover, in all of these tasks, GPT-4's performance is strikingly close to human-level performance, and often vastly surpasses prior models such as ChatGPT. Given the breadth and depth of GPT-4's capabilities, we believe that it could reasonably be viewed as an early (yet still incomplete) version of an artificial general intelligence (AGI) system. In our exploration of GPT-4, we put special emphasis on discovering its limitations, and we discuss the challenges ahead for advancing towards deeper and more comprehensive versions of AGI, including the possible need for pursuing a new paradigm that moves beyond next-word prediction. We conclude with reflections on societal influences of the recent technological leap and future research directions.},
	urldate = {2024-08-06},
	author = {Bubeck, Sébastien and Chandrasekaran, Varun and Eldan, Ronen and Gehrke, Johannes and Horvitz, Eric and Kamar, Ece and Lee, Peter and Lee, Yin Tat and Li, Yuanzhi and Lundberg, Scott and Nori, Harsha and Palangi, Hamid and Ribeiro, Marco Tulio and Zhang, Yi},
	year = {2023},
	note = {Publisher: arXiv
Version Number: 5},
	keywords = {Artificial Intelligence (cs.AI), Computation and Language (cs.CL), FOS: Computer and information sciences},
}

@article{barredo_arrieta_explainable_2020,
	title = {Explainable {Artificial} {Intelligence} ({XAI}): {Concepts}, taxonomies, opportunities and challenges toward responsible {AI}},
	volume = {58},
	issn = {15662535},
	shorttitle = {Explainable {Artificial} {Intelligence} ({XAI})},
	url = {https://linkinghub.elsevier.com/retrieve/pii/S1566253519308103},
	doi = {10.1016/j.inffus.2019.12.012},
	abstract = {Semantic Scholar extracted view of "Explainable Artificial Intelligence (XAI): Concepts, Taxonomies, Opportunities and Challenges toward Responsible AI" by Alejandro Barredo Arrieta et al.},
	language = {en},
	urldate = {2024-08-06},
	journal = {Information Fusion},
	author = {Barredo Arrieta, Alejandro and Díaz-Rodríguez, Natalia and Del Ser, Javier and Bennetot, Adrien and Tabik, Siham and Barbado, Alberto and Garcia, Salvador and Gil-Lopez, Sergio and Molina, Daniel and Benjamins, Richard and Chatila, Raja and Herrera, Francisco},
	month = jun,
	year = {2020},
	pages = {82--115},
}

@misc{arrieta_explainable_2019,
	title = {Explainable {Artificial} {Intelligence} ({XAI}): {Concepts}, {Taxonomies}, {Opportunities} and {Challenges} toward {Responsible} {AI}},
	shorttitle = {Explainable {Artificial} {Intelligence} ({XAI})},
	url = {http://arxiv.org/abs/1910.10045},
	abstract = {In the last few years, Artiﬁcial Intelligence (AI) has achieved a notable momentum that, if harnessed appropriately, may deliver the best of expectations over many application sectors across the ﬁeld. For this to occur shortly in Machine Learning, the entire community stands in front of the barrier of explainability, an inherent problem of the latest techniques brought by sub-symbolism (e.g. ensembles or Deep Neural Networks) that were not present in the last hype of AI (namely, expert systems and rule based models). Paradigms underlying this problem fall within the so-called eXplainable AI (XAI) ﬁeld, which is widely acknowledged as a crucial feature for the practical deployment of AI models. The overview presented in this article examines the existing literature and contributions already done in the ﬁeld of XAI, including a prospect toward what is yet to be reached. For this purpose we summarize previous efforts made to deﬁne explainability in Machine Learning, establishing a novel deﬁnition of explainable Machine Learning that covers such prior conceptual propositions with a major focus on the audience for which the explainability is sought. Departing from this deﬁnition, we propose and discuss about a taxonomy of recent contributions related to the explainability of different Machine Learning models, including those aimed at explaining Deep Learning methods for which a second dedicated taxonomy is built and examined in detail. This critical literature analysis serves as the motivating background for a series of challenges faced by XAI, such as the interesting crossroads of data fusion and explainability. Our prospects lead toward the concept of Responsible Artiﬁcial Intelligence, namely, a methodology for the large-scale implementation of AI methods in real organizations with fairness, model explainability and accountability at its core. Our ultimate goal is to provide newcomers to the ﬁeld of XAI with a thorough taxonomy that can serve as reference material in order to stimulate future research advances, but also to encourage experts and professionals from other disciplines to embrace the beneﬁts of AI in their activity sectors, without any prior bias for its lack of interpretability.},
	language = {en},
	urldate = {2024-08-06},
	publisher = {arXiv},
	author = {Arrieta, Alejandro Barredo and Díaz-Rodríguez, Natalia and Del Ser, Javier and Bennetot, Adrien and Tabik, Siham and Barbado, Alberto and García, Salvador and Gil-López, Sergio and Molina, Daniel and Benjamins, Richard and Chatila, Raja and Herrera, Francisco},
	month = dec,
	year = {2019},
	note = {arXiv:1910.10045 [cs]},
	keywords = {Computer Science - Artificial Intelligence, Computer Science - Machine Learning, Computer Science - Neural and Evolutionary Computing},
}

@phdthesis{willenbacher_einsatz_2024,
	title = {Einsatz von künstlicher {Intelligenz} zur {Prozessoptimierung} und {Steigerung} der {Ressourceneffizienz} in kleinen und mittleren {Unternehmen}},
	copyright = {Anonymous,},
	url = {https://doi.org/10.48548/pubdata-211},
	abstract = {Ein wichtiger Treiber für Steigerung der Produktivität in verarbeitenden kleinen und mittleren Unternehmen (KMU) ist die Digitalisierung von Produktionsabläufen. Die damit verbundene Volumensteigerung von Daten bietet ein enormes Potenzial für die Analyse und Optimierung von Prozessen. Diese Daten aus einer Vielzahl von Geräten und Systemen erhöhen jedoch den Bedarf an intelligenten, dynamischen Analysemodellen. Allerdings verfügen KMU über einen geringen bis sehr geringen Digitalisierungsgrad. Das resultiert aus einer Kombination verschiedener Faktoren, wie knappe Finanz‐ und Personalressourcen für Forschungs‐ und Entwicklungsaktivitäten, fehlende Expertise im IT‐Bereich und geringe Bereitschaft zur Einführung neuartiger digitaler Technologien und künstlicher Intelligenz. Weiterhin sind die Produktionsprozesse verarbeitender KMU sehr individuell und teilweise hochspezialisiert, sodass sich bestehende KI‐Module nicht ohne erhöhten Anpassungsaufwand in die bestehende Produktionsstruktur adaptiert werden können. Im Rahmen dieses Promotionsvorhabens wurden zwei Machine Learning‐Verfahren für den praktischen Einsatz in einem verarbeitenden KMU entwickelt. Ziel war das Erkennen von Zusammenhängen zwischen Energieverbrauch und Ausschuss und den Maschineneinstellungen sowie das Auffinden optimaler Parametereinstellungen, um die Effizienz von Energie und steigern und die Abfallquote zu senken. Dabei lag der Fokus auf der Einfachheit der Lösung sowie der leichten Adaptierbarkeit auf sich ändernde Produktionsvorgänge. Ausgangspunkt war die Einrichtung einer einheitlichen Datenbasis für den Produktionsbereich des Unternehmens, um vollständige Maschinenprotokolle zu zentralisieren. Das erste umgesetzte Verfahren war der Random Forest‐Algorithmus, eine ML‐Methode für die Modellierung von Ensemble‐Entscheidungsbäumen. Als zweite ML‐Methode wurde ein künstliches neuronales Netz (KNN) entwickelt. Beide Verfahren wurde mit KI‐Erklärmodellen interpretiert, um die Ergebnisse nachzuvollziehen. Bei der Validierung der beiden Modelle zeigten sich größere Unterschiede in der Genauigkeit und der empfohlenen Parametereinstellungen. Dies lässt sich auf die unterschiedlichen Berechnungsmethoden der Algorithmen zurückführen. Es konnte jedoch gezeigt werden, dass auch mit weniger komplexen KI‐Verfahren, deren Auswahl auf einer eindeutigen Zieldefinition basieren, deutliche Produktivitätssteigerungen erreicht werden können. Durch ganzheitliche Digitalisierung und die dadurch zu verarbeitenden Daten mit Verfahren der KI können entscheidende Schritte für eine ressourceneffizientere Produktion vollbracht werden. Ein wichtiger Aspekt dabei ist dennoch, dass die dafür nötigen Informations‐ und Kommunikationstechnologie‐ Komponenten einen steigenden Rohstoffbedarf erzeugen und einen beträchtlichen Teil des Elektroschrotts verantworten. Diese kritischen Aspekte der Digitalisierung wurden daher ebenfalls im Rahmen der Promotion betrachtet. Mit dem Fokus auf Seltenerdmetallen wurden die Umweltauswirkungen von der Gewinnung bis zur Entsorgung untersucht und ein Rückschluss auf den produktionsseitigen Rebound‐Effekt gezogen.},
	language = {de},
	urldate = {2024-07-03},
	school = {Medien- und Informationszentrum, Leuphana Universität Lüneburg},
	author = {Willenbacher, Martina},
	collaborator = {{Medien- Und Informationszentrum} and {Technische Informationsbibliothek (TIB) Hannover}},
	month = apr,
	year = {2024},
	doi = {10.48548/PUBDATA-211},
	note = {Artwork Size: 9954730 b
Medium: application/pdf
Pages: 9954730 b
Version Number: 1},
	keywords = {Grundlagen, Prozess, Unternehmen},
}

@article{zwarg_konzeption_2023,
	title = {Konzeption erforderlicher {Rahmenbedingungen} für den {Einsatz} von {Künstlicher} {Intelligenz} im {Unternehmen}},
	copyright = {Copyright (c) 2023 Jennifer Zwarg, Andreas Jede, Frank Bensberg},
	issn = {2296-4592},
	url = {https://akwi.hswlu.ch/article/view/3438},
	abstract = {Die Zukunftstechnologie Künstliche Intelligenz wird zunehmend in Unternehmen etabliert, um innovative Prozesse zu gestalten und nachhaltig zu optimieren. Kleine und mittlere Unternehmen nehmen KI-Einführungen nur zögerlich wahr, da diverse Ungewissheiten mit dieser Thematik verbunden sind. Ein Leitfaden soll Unternehmen eine Orientierung zu notwendigen Voraussetzungen und Handlungsbedarfen von KI-Projekten aufzeigen und Sicherheit schaffen, um weitere Unternehmen zur Realisierung zu motivieren. Eine systematische Literaturanalyse unterstützt dabei, den aktuellen Forschungsstand zu eruieren und Handlungsempfehlungen abzuleiten.},
	language = {de},
	number = {17},
	urldate = {2024-07-03},
	journal = {Anwendungen und Konzepte der Wirtschaftsinformatik},
	author = {Zwarg, Jennifer and Jede, Andreas and Bensberg, Frank},
	month = jul,
	year = {2023},
	note = {Number: 17},
	keywords = {Grundlagen, Rahmenbedingungen},
	pages = {12--12},
}

@article{feike_kunstliche_nodate,
	title = {Künstliche {Intelligenz} aus {Sicht} von {Unternehmen}},
	language = {de},
	author = {Feike, Maximilian},
	keywords = {Grundlagen, Unternehmen},
}

@article{fregin_automatisierungspotenziale_2023,
	title = {Automatisierungspotenziale von beruflichen {Tätigkeiten}: {Künstliche} {Intelligenz} und {Software} – {Beschäftigte} sind unterschiedlich betroffen},
	copyright = {Creative Commons Attribution Share Alike 4.0 International},
	shorttitle = {Automatisierungspotenziale von beruflichen {Tätigkeiten}},
	url = {https://iab.de/publikationen/publikation/?id=1573411},
	doi = {10.48720/IAB.KB.2321},
	abstract = {Künstliche Intelligenz (KI) und Software-Systeme ohne KI (Software) können die Ausübung verschiedenster Tätigkeiten beeinflussen. So könnten Tätigkeiten von Hochqualifizierten teilweise von KI übernommen werden, während ein Teil der Tätigkeiten in Berufen mit mittleren oder geringen Qualifikationsanforderungen eher durch den Einsatz von Software betroffen sein könnte. Ganze Berufe mit ihren vielfältigen Tätigkeiten können die Technologien aber nicht übernehmen - auch nicht dort, wo Fachkräfte dringend benötigt werden.},
	language = {de},
	urldate = {2024-07-03},
	journal = {IAB-Kurzbericht},
	author = {Fregin, Marie-Christine and Koch, Theresa and Malfertheiner, Verena and Özgül, Pelin and Stops, Michael},
	year = {2023},
	note = {Publisher: Institut für Arbeitsmarkt- und Berufsforschung
Version Number: 1},
	keywords = {Grundlagen, Unternehmen},
}

@article{garnitz_chatgpt_nodate,
	title = {{ChatGPT}, {Chatbots} und mehr – wie wird {Künstliche} {Intelligenz} in den {HR}-{Abteilungen} von {Unternehmen} genutzt?},
	language = {de},
	author = {Garnitz, Johanna and Schaller, Daria},
	keywords = {Grundlagen, Unternehmen},
}

@article{buchel_generative_nodate,
	title = {Generative {KI} in  {Deutschland}},
	language = {de},
	author = {Büchel, Jan and Engler, Jan Felix},
	keywords = {Grundlagen},
}

@book{lenzen_kunstliche_2023,
	title = {Künstliche {Intelligenz}: {Was} sie kann \& was uns erwartet},
	isbn = {978-3-406-81283-5},
	shorttitle = {Künstliche {Intelligenz}},
	abstract = {Künstliche Intelligenz (KI) ist die neue Zauberformel des digitalen Kapitalismus. Sie steht für Maschinen, die können, was der Mensch kann: hören und sehen, sprechen, lernen, Probleme lösen. In manchem sind sie inzwischen nicht nur schneller, sondern auch besser als der Mensch. Wie funktionieren diese klugen Maschinen? Bedrohen sie uns, machen sie uns gar überflüssig? Intelligente Computersysteme stellen medizinische Diagnosen und geben Rechtsberatung. Sie managen den Aktienhandel und steuern bald unsere Autos. Sie malen, dichten, dolmetschen und komponieren. Immer klügere Roboter stehen an den Fließbändern, begrüßen uns im Hotel, führen uns durchs Museum oder braten Burger und schnipseln den Salat dazu. Doch neben die Utopie einer schönen neuen intelligenten Technikwelt sind längst Schreckbilder getreten: von künstlichen Intelligenzen, die uns auf Schritt und Tritt überwachen, die unsere Arbeitsplätze übernehmen und sich unserer Kontrolle entziehen. Die Journalistin und KI-Expertin Manuela Lenzen zeigt, welche Hoffnungen und Befürchtungen realistisch sind und welche in die Science-Fiction gehören. Sie beschreibt, wie ein gutes Leben mit der Künstlichen Intelligenz aussehen könnte – und dass wir von klugen Maschinen eine Menge über uns selbst lernen können.},
	language = {de},
	publisher = {C.H.Beck},
	author = {Lenzen, Manuela},
	month = aug,
	year = {2023},
	note = {Google-Books-ID: QMvOEAAAQBAJ},
	keywords = {Grundlagen},
}
